<?xml version="1.0" encoding="UTF-8"?><record xmlns="http://www.loc.gov/MARC21/slim" xmlns:cinclude="http://apache.org/cocoon/include/1.0" xmlns:zs="http://www.loc.gov/zing/srw/">
  <leader>00646cz  a2200157n  4500</leader>
  <controlfield tag="001">no2009137340</controlfield>
  <controlfield tag="003">DLC</controlfield>
  <controlfield tag="005">20091021075437.0</controlfield>
  <controlfield tag="008">090831n| acannaabn          |a aaa     c</controlfield>
  <datafield tag="010" ind1=" " ind2=" ">
    <subfield code="a">no2009137340</subfield>
  </datafield>
  <datafield tag="035" ind1=" " ind2=" ">
    <subfield code="a">(OCoLC)oca08223788</subfield>
  </datafield>
  <datafield tag="040" ind1=" " ind2=" ">
    <subfield code="a">N</subfield>
    <subfield code="b">eng</subfield>
    <subfield code="c">N</subfield>
    <subfield code="d">IEN</subfield>
  </datafield>
  <datafield tag="100" ind1="1" ind2=" ">
    <subfield code="a">Rand, M. C.</subfield>
    <subfield code="q">(Myrton Cook),</subfield>
    <subfield code="d">1923-</subfield>
  </datafield>
  <datafield tag="400" ind1="1" ind2=" ">
    <subfield code="a">Rand, Myrton Cook,</subfield>
    <subfield code="d">1923-</subfield>
  </datafield>
  <datafield tag="670" ind1=" " ind2=" ">
    <subfield code="a">Percolation of septic tank effluents, surfactants, and coliform bacteria through soils, 1965:</subfield>
    <subfield code="b">t.p. (M.C. Rand)</subfield>
  </datafield>
  <datafield tag="670" ind1=" " ind2=" ">
    <subfield code="a">OCLC search, Aug. 24, 2009:</subfield>
    <subfield code="b">(hdg.: Rand, M. C. ; usage: M.C. Rand) (hdg.: Rand, M. C., 1923- ; usage: M.C. Rand (hdg.: Rand, Myrton Cook ; usage: Myrton Cook Rand)</subfield>
  </datafield>
</record>